
@misc{jekyll88,
  title = {{Dr. Jekyll and Mr. Hyde}},
  year = 1988,
  author = {{Advance Communication Co.}},
  url = {https://es.wikipedia.org/wiki/Dr._Jekyll_and_Mr._Hyde_(videojuego)},
  note = "Último acceso Junio 2021"
}

@misc{psycosis90,
  title = {{Psychosis}},
  year = 1990,
  author = {{Naxat Soft}},
  url = {https://en.wikipedia.org/wiki/Psychosis_(video_game)},
  note = "Último acceso Junio 2021"
}

@misc{smartpatrol96,
  title = {{Adventures of Smart Patrol}},
  year = 1996,
  author = {{Inscape}},
  url = {https://en.wikipedia.org/wiki/Devo_Presents_Adventures_of_the_Smart_Patrol_(video_game)},
  note = "Último acceso Junio 2021"
}

@misc{ff797,
  title = {{Final Fantasy VII}},
  year = 1997,
  author = {{SquareSoft}},
  url = {https://en.wikipedia.org/wiki/Final_Fantasy_VII},
  note = "Último acceso Junio 2021"
}

@misc{jugger98,
  title = {{Juggernaut}},
  year = 1998,
  author = {{Tonkin House}},
  url = {https://en.wikipedia.org/wiki/Juggernaut_(video_game)},
  note = "Último acceso Junio 2021"
}

@misc{sanit98,
  title = {{Sanitarium}},
  year = 1998,
  author = {{DreamForge Intertainment}},
  url = {https://en.wikipedia.org/wiki/Sanitarium_(video_game)},
  note = "Último acceso Junio 2021"
}

@misc{planet99,
  title = {{Planet Laika}},
  year = 1999,
  author = {{Quintet, Zeque}},
  url = {https://en.wikipedia.org/wiki/Planet_Laika},
  note = "Último acceso Junio 2021"
}
@misc{alice00,
  title = {{American McGee's Alice}},
  year = 2000,
  author = {{Rogue Entertainment}},
  url = {https://en.wikipedia.org/wiki/American_McGee%27s_Alice},
  note = "Último acceso Junio 2021"
}
@misc{jekyll01,
  title = {{Jekyll And Hyde}},
  year = 2001,
  author = {{In Utero}},
  url = {https://en.wikipedia.org/wiki/Jekyll_and_Hyde_(video_game)},
  note = "Último acceso Junio 2021"
}

@misc{silent01,
  title = {{Silent Hill 2}},
  year = 2001,
  author = {{Konami}},
  url = {https://en.wikipedia.org/wiki/Silent_Hill_2},
  note = "Último acceso Junio 2021"
}

@misc{eternal02,
  title = {{Eternal Darkness}},
  year = 2002,
  author = {{Silicon Knights}},
  url = {https://en.wikipedia.org/wiki/Eternal_Darkness},
  note = "Último acceso Junio 2021"
}
@misc{suffer04,
  title = {{The Suffering}},
  year = 2004,
  author = {{Surreal Software}},
  url = {https://en.wikipedia.org/wiki/The_Suffering_(video_game)},
  note = "Último acceso Junio 2021"
}

@misc{killer05,
  title = {{Killer7}},
  year = 2005,
  author = {{Grasshopper Manufacture}},
  url = {https://en.wikipedia.org/wiki/Killer7},
  note = "Último acceso Junio 2021"
}


@misc{crush07,
  title = {{Crush}},
  year = 2007,
  author = {{Zoë Mode}},
  url = {https://en.wikipedia.org/wiki/Crush_(video_game)},
  note = "Último acceso Junio 2021"
}

@misc{manhunt07,
  title = {{Manhunt2}},
  year = 2007,
  author = {{Rockstar London}},
  url = {https://en.wikipedia.org/wiki/Manhunt_2},
  note = "Último acceso Junio 2021"
}
@misc{haze08,
  title = {{Haze}},
  year = 2008,
  author = {{Free Radical Design}},
  url = {https://en.wikipedia.org/wiki/Haze_(video_game)},
  note = "Último acceso Junio 2021"
}
@misc{batman09,
  title = {{Batman: Arkham Asylum}},
  year = 2009,
  author = {{Rocksteady Studios}},
  url = {https://en.wikipedia.org/wiki/Batman:_Arkham_Asylum},
  note = "Último acceso Junio 2021"
}

@misc{dreamkiller09,
  title = {{Dreamkiller}},
  year = 2009,
  author = {{Mindware Studios}},
  url = {https://en.wikipedia.org/wiki/Dreamkiller},
  note = "Último acceso Junio 2021"
}
@misc{deadspace08,
  title = {{Dead Space}},
  year = 2008,
  author = {{EA Redwood Shores}},
  url = {https://en.wikipedia.org/wiki/Dead_Space_(video_game)},
  note = "Último acceso Junio 2021"
}

@misc{alice11,
  title = {{Alice: Madness Returns}},
  year = 2011,
  author = {{Spicy Horse}},
  url = {https://en.wikipedia.org/wiki/Alice:_Madness_Returns},
  note = "Último acceso Junio 2021"
}

@misc{lanoire11,
  title = {{L.A. Noire}},
  year = 2011,
  author = {{Team Bond}},
  url = {https://en.wikipedia.org/wiki/L.A._Noire},
  note = "Último acceso Junio 2021"
}

@misc{thecat12,
  title = {{The Cat Lady}},
  year = 2012,
  author = {{Harvester Games}},
  url = {https://en.wikipedia.org/wiki/The_Cat_Lady},
  note = "Último acceso Junio 2021"
}


@misc{farcry12,
  title = {{Far Cry 3}},
  year = 2012,
  author = {{Ubisoft Montreal}},
  url = {https://en.wikipedia.org/wiki/Far_Cry_3},
  note = "Último acceso Junio 2021"
}


@misc{actual13,
  title = {{Actual Sunlight}},
  year = 2013,
  author = {{WZOGI}},
  url = {https://store.steampowered.com/app/288040/Actual_Sunlight/},
  note = "Último acceso Junio 2021"
}


@misc{depression13,
  title = {{Depression Quest}},
  year = 2013,
  author = {{The Quinnspiracy}},
  url = {https://en.wikipedia.org/wiki/Depression_Quest},
  note = "Último acceso Junio 2021"
}


@misc{outlast13,
  title = {{Outlast}},
  year = 2013,
  author = {{Red Barrels}},
  url = {https://en.wikipedia.org/wiki/Outlast},
  note = "Último acceso Junio 2021"
}

@misc{blackbay14,
  title = {{Blackbay Asylum}},
  year = 2014,
  author = {{TAD Productions AB}},
  url = {https://store.steampowered.com/app/313140/Blackbay_Asylum/},
  note = "Último acceso Junio 2021"
}



@misc{etherone14,
  title = {{Ether One}},
  year = 2014,
  author = {{White Paper Games}},
  url = {https://en.wikipedia.org/wiki/Ether_One},
  note = "Último acceso Junio 2021"
}


@misc{evilwithin14,
  title = {{The Evil Within}},
  year = 2014,
  author = {{Tango Gameworks}},
  url = {https://en.wikipedia.org/wiki/The_Evil_Within},
  note = "Último acceso Junio 2021"
}

@misc{neverending14,
  title = {{Neverending Nightmares}},
  year = 2014,
  author = {{Infinitap Games}},
  url = {https://en.wikipedia.org/wiki/Neverending_Nightmares},
  note = "Último acceso Junio 2021"
}


@misc{batman15,
  title = {{Batman: Arkham Knight}},
  year = 2015,
  author = {{Rocksteady Studios}},
  url = {https://en.wikipedia.org/wiki/Batman:_Arkham_Knight},
  note = "Último acceso Junio 2021"
}

@misc{darkest15,
  title = {{Darkest Dungeon}},
  year = 2015,
  author = {{Red Hook Studios}},
  url = {https://en.wikipedia.org/wiki/Darkest_Dungeon},
  note = "Último acceso Junio 2021"
}

@misc{franbow15,
  title = {{Fran Bow}},
  year = 2015,
  author = {{Killmonday Games}},
  url = {https://en.wikipedia.org/wiki/Fran_Bow},
  note = "Último acceso Junio 2021"
}

@misc{pry15,
  title = {{Pry}},
  year = 2015,
  author = {{Tender Claws}},
  url = {https://tenderclaws.com/pry},
  note = "Último acceso Junio 2021"
}

@misc{tombraider15,
  title = {{Rise of the Tomb Raider}},
  year = 2015,
  author = {{Crystal Dynamics}},
  url = {https://en.wikipedia.org/wiki/Rise_of_the_Tomb_Raider},
  note = "Último acceso Junio 2021"
}

@misc{sym15,
  title = {{Sym}},
  year = 2015,
  author = {{Atrax Games}},
  url = {https://store.steampowered.com/app/342100/Sym/},
  note = "Último acceso Junio 2021"
}


@misc{untildawn15,
  title = {{Until Dawn}},
  year = 2015,
  author = {{Supermassive Games}},
  url = {https://en.wikipedia.org/wiki/Until_Dawn},
  note = "Último acceso Junio 2021"
}

@misc{beginners15,
  title = {{Beginner's Guide}},
  year = 2015,
  author = {{Everything Unlimited Ltd.}},
  url = {https://en.wikipedia.org/wiki/The_Beginner%27s_Guide},
  note = "Último acceso Junio 2021"
}

@misc{desire16,
  title = {{Désiré}},
  year = 2016,
  author = {{Sylvain Seccia}},
  url = {https://en.wikipedia.org/wiki/D%C3%A9sir%C3%A9_(video_game)},
  note = "Último acceso Junio 2021"
}


@misc{layers16,
  title = {{Layers of Fear}},
  year = 2016,
  author = {{Bloober Team}},
  url = {https://en.wikipedia.org/wiki/Layers_of_Fear},
  note = "Último acceso Junio 2021"
}


@misc{tharsis16,
  title = {{Tharsis}},
  year = 2016,
  author = {{Choice Provisions}},
  url = {https://en.wikipedia.org/wiki/Tharsis_(video_game)},
  note = "Último acceso Junio 2021"
}
@misc{dragon16,
  title = {{That Dragon, Cancer}},
  year = 2016,
  author = {{Numinous Games}},
  url = {https://en.wikipedia.org/wiki/That_Dragon,_Cancer},
  note = "Último acceso Junio 2021"
}
@misc{town16,
  title = {{The Town of Light}},
  year = 2016,
  author = {{LKA}},
  url = {https://en.wikipedia.org/wiki/The_Town_of_Light},
  note = "Último acceso Junio 2021"
}
@misc{doki17,
  title = {{Doki Doki Literature Club!}},
  year = 2017,
  author = {{Team Salvato}},
  url = {https://en.wikipedia.org/wiki/Doki_Doki_Literature_Club!},
  note = "Último acceso Junio 2021"
}
@misc{fractured17,
  title = {{Fractured Minds}},
  year = 2017,
  author = {{Emily Mitchell}},
  url = {https://en.wikipedia.org/wiki/Fractured_Minds},
  note = "Último acceso Junio 2021"
}
@misc{hellblade17,
  title = {{Hellblade: Senua's Sacrifice}},
  year = 2017,
  author = {{Ninja Theory}},
  url = {https://en.wikipedia.org/wiki/Hellblade:_Senua%27s_Sacrifice},
  note = "Último acceso Junio 2021"
}
@misc{lastday17,
  title = {{Last Day of June}},
  year = 2017,
  author = {{Ovosonico}},
  url = {https://en.wikipedia.org/wiki/Last_Day_of_June},
  note = "Último acceso Junio 2021"
}
@misc{night17,
  title = {{Night in the Woods}},
  year = 2017,
  author = {{Infinite Fall}},
  url = {https://en.wikipedia.org/wiki/Night_in_the_Woods},
  note = "Último acceso Junio 2021"
}
@misc{celeste18,
  title = {{Celeste}},
  year = 2018,
  author = {{Extremely OK Games}},
  url = {https://en.wikipedia.org/wiki/Celeste_(video_game)},
  note = "Último acceso Junio 2021"
}
@misc{gris18,
  title = {{Gris}},
  year = 2018,
  author = {{Nomada Studio}},
  url = {https://en.wikipedia.org/wiki/Gris},
  note = "Último acceso Junio 2021"
}
@misc{heartbound18,
  title = {{Heartbound}},
  year = 2018,
  author = {{Jason Thor Hall}},
  url = {https://en.wikipedia.org/wiki/Heartbound_(video_game)},
  note = "Último acceso Junio 2021"
}
@misc{lifeisstrange18,
  title = {{Life is Strange}},
  year = 2018,
  author = {{Dontnod Entertainment}},
  url = {https://en.wikipedia.org/wiki/Life_Is_Strange},
  note = "Último acceso Junio 2021"
}
@misc{redsting18,
  title = {{The Red Strings Club}},
  year = 2018,
  author = {{Deconstructeam}},
  url = {https://en.wikipedia.org/wiki/The_Red_Strings_Club},
  note = "Último acceso Junio 2021"
}
@misc{seasolitude19,
  title = {{Sea of Solitude}},
  year = 2019,
  author = {{Jo-Mei Games}},
  url = {https://en.wikipedia.org/wiki/Sea_of_Solitude},
  note = "Último acceso Junio 2021"
}
@misc{tellmewhy20,
  title = {{Tell Me Why}},
  year = 2020,
  author = {{Dontnod Entertainment}},
  url = {https://en.wikipedia.org/wiki/Tell_Me_Why_(video_game)},
  note = "Último acceso Junio 2021"
}
@misc{elmio,
  title = {{Insania}},
  year = 2021,
  author = {Andrea Rodríguez},
  url = {https://github.com/AndreoPSullivan/TFG-Videojuegos},
  note = "Último acceso Octubre 2021"
}
@misc{daysgone19,
  title = {{Days Gone}},
  year = 2019,
  author = {{Bend Studio}},
  url = {https://en.wikipedia.org/wiki/Days_Gone},
  note = "Último acceso Julio 2021"
}

@misc{specops12,
  title = {{Spec Ops: The Line}},
  year = 2012,
  author = {{Yager Development}},
  url = {https://es.wikipedia.org/wiki/Spec_Ops:_The_Line},
  note = "Último acceso Julio 2021"
}


@misc{fundacionSuicidio,
  title = {{Observatorio del suicidio}},
  year = 2019,
  author = {{FMSE}},
  url = {https://www.fsme.es/observatorio-del-suicidio-2019/espa%C3%B1a/},
  note = "Último acceso Agosto 2021"
}

@misc{videoEsquizofrenia,
  title = {{Managing Schizophrenia as a New Mom}},
  year = 2021,
  author = {{Special Books by Special Kids}},
  url = {https://youtu.be/pVrghm714LY?t=233},
  note = "Último acceso Agosto 2021"
}

@misc{special,
  title = {{Special Books By Special Kids}},
  author = {{Special Books By Special Kids}},
  year = 2021,
  url = {https://www.youtube.com/channel/UC4E98HDsPXrf5kTKIgrSmtQ},
  note = "Último acceso Agosto 2021"
}

@misc{videoTAG,
  title = {{Living with Generalized Anxiety Disorder and Panic Attacks that Feel like Dying}},
  year = 2021,
  author = {{Special Books by Special Kids}},
  url = {https://youtu.be/EW06sG8EeHY?t=902},
  note = "Último acceso Agosto 2021"
}

@article{tcasdescripcion,
title={Definición de TCA},
journal= {Portal Clinic}, 
author= {Inés Hilker Salinas and Itziar Flamarique Valencia and María Caballero},
url = {https://www.clinicbarcelona.org/asistencia/enfermedades/trastornos-de-la-conducta-alimentaria/definicion},
year= 2019
}

@article{tcaCM,
title={Trastornos Conducta Alimentaria},
  year = 2021,
author= {{Comunidad de Madrid}},
url = {https://www.comunidad.madrid/servicios/salud/trastornos-conducta-alimentaria}

}

@misc{supermassive, 
title = {{Supermassive Games}},
  year = 2021,
author = {{Supermassive Games}},
url = {https://es.wikipedia.org/wiki/Supermassive_Games},
  note = "Último acceso Septiembre 2021"
}

@misc{featheceleste,
  title = {{Feather mini game in Celeste}},
  year = 2019,
  author = {{LilGhostSoru}},
  url = {https://www.reddit.com/r/celestegame/comments/djc85y/this_single_feather_helped_me_with_so_many_panic/},
  note = "Último acceso Agosto 2021"
}

@misc{sony, 
title = {{Sony}},
  year = 2021,
author = {{Sony}},
url = {https://es.wikipedia.org/wiki/Sony_Interactive_Entertainment},
  note = "Último acceso Septiembre 2021"
}



@article{articuloCeleste,
  Title                    = {{Celeste y el potencial del videojuego para tratar la ansiedad}},
  Journal                  = {MeriStation},
  Author                   = {Israel Mallén},
  Url                      = {https://as.com/meristation/2018/09/17/reportajes/1537172088_704714.html},
  Year                     = {2018},
}

@misc{nomadaStudio, 
title = {{Nomada Studio}},
  year = 2021,
author = {{Nomada Studio}},
url = {https://nomada.studio/},
  note = "Último acceso Septiembre 2021"
}

@article{critiqueGris,
  Title                    = {A Critique of GRIS},
  Journal                  = {Medium},
  Author                   = {Daniel Mayfair},
  Url                      = {https://medium.com/@danielmayfair/a-critique-of-gris-3ad3b2600349},
  Year                     = {2019},
}

@misc{diariesprojecthellblade,
title = {{Hellblade Development Diaries}},
author = {{Ninja Theory}},
 year = {{2014-2017}},
url = {https://www.youtube.com/playlist?list=PLbpkF8TRYizaT6GfMcKBG-RoUOQ6BJRXp},
  note = "Último acceso Septiembre 2021"
}

@misc{criticafanshellblade,
title = {{Hellblade: Senua's Sacrifice - Fan Reaction Trailer}},
author = {{GameTrailers}},
 year = 2017,
url = {https://www.youtube.com/watch?v=aVwwjh3xwV8},
  note = "Último acceso Septiembre 2021"
}

@misc{refBedBath,
title = {{Bed \& Bath Furniture Pack}},
author = {{Pepperjack}},
 year = 2018,
url = {https://assetstore.unity.com/packages/3d/props/furniture/bed-bath-furniture-pack-134117},
  note = "Último acceso Septiembre 2021"
}

@misc{refCharacter,
title = {{Character Pack: Free Sample}},
author = {{Supercyan}},
 year = 2020,
url = {https://assetstore.unity.com/packages/3d/characters/humanoids/character-pack-free-sample-79870},
  note = "Último acceso Septiembre 2021"
}

@misc{refDesk,
title = {{PC desk Free low-poly 3D model}},
author = {{Pixelcombo}},
 year = 2019,
url = {https://www.cgtrader.com/free-3d-models/furniture/table/pc-desk-cfc5886a-bf88-45f9-91a2-20753e581aae},
  note = "Último acceso Septiembre 2021", 
license = {{Royalty Free License}}
}

@misc{refSofa,
title = {{Sofá Interior 3}},
author = {{Mymoonstudio1}},
 year = 2020,
url = {https://www.turbosquid.com/es/3d-models/sofa-3-interior-3d-1660463},
  note = "Último acceso Septiembre 2021", 
license = {{Royalty Free License}}
}

@misc{imgInicio,
title = {{Mental Health Awareness Day}},
author = {{Freepik}},
 year = 2020,
url = {https://www.freepik.com/vectors/design},
  note = "Último acceso Septiembre 2021"
}

@misc{refdibujo,
title = {{Dibujo Monstruos S.A}},
author = {Guillermo Pérez Luis},
 year = 2018,
url = {https://www.instagram.com/guillecandraw/?hl=en},
  note = "Último acceso Septiembre 2021", 
}


@misc{unity,
title = {{Unity}},
author = {{Unity Technologies}},
 year =  {{2005-2021}},
url = {https://unity.com/es},
  note = "Último acceso Octubre 2021", 
}

@misc{3dsmax,
title = {{3dsMax}},
author = {{Autodesk}},
 year = {{1990-2020}},
url = {https://es.wikipedia.org/wiki/Autodesk_3ds_Max},
  note = "Último acceso Octubre 2021", 
}
@misc{photoshop,
title = {{Adobe Photoshop}},
author = {{Adobe Systems Incorporated}},
 year = {{1990-2021}},
url = {https://www.adobe.com/es/products/photoshop.html},
  note = "Último acceso Octubre 2021", 
}
@misc{overleaf,
title = {{Overleaf}},
author = {John Hammersley and John Lees-Miller},
 year = {{2011-2021}},
url = {https://es.overleaf.com/project},
  note = "Último acceso Octubre 2021", 
}

@misc{texstudio,
title = {{TeXstudio}},
author = {Benito van der Zander},
 year = {{2009-2021}},
url = {https://www.texstudio.org/},
  note = "Último acceso Octubre 2021", 
}

@misc{excel,
title = {{Microsoft Excel}},
author = {{Microsoft}},
 year = {{1985-2019}},
url = {https://es.wikipedia.org/wiki/Microsoft_Excel},
  note = "Último acceso Octubre 2021", 
}

@misc{creately,
title = {{Creately}},
author = {{Chandika Jayasundara}},
 year = {{2008-2021}},
url = {https://creately.com/es/home/},
  note = "Último acceso Octubre 2021", 
}


@misc{adobeacrobat,
title = {{Adobe Acrobat Reader DC}},
author = {{Adobe Systems Incorporated}},
 year = {{1994-2018}},
url = {https://get.adobe.com/es/reader/},
note = "Último acceso Octubre 2021", 
}

@misc{weava,
title = {{Weava}},
author = {{Weava Tools}},
 year = {{2020-2021}},
url = {https://chrome.google.com/webstore/detail/weava-highlighter-pdf-web/cbnaodkpfinfiipjblikofhlhlcickei},
  note = "Último acceso Octubre 2021", 
}
@misc{googledocs,
title = {{Google Docs}},
author = {{Google}},
 year = {{2006-2021}},
url = {https://en.wikipedia.org/wiki/Google_Docs},
  note = "Último acceso Octubre 2021", 
}
@misc{word,
title = {{Microsoft Word}},
author = {{Microsoft}},
 year = {{1989-2019}},
url = {https://es.wikipedia.org/wiki/Microsoft_Word},
  note = "Último acceso Octubre 2021", 
}
@misc{github,
title = {{GitHub}},
author = {{Microsoft}},
 year = {{2008-2021}},
url = {https://github.com/},
  note = "Último acceso Octubre 2021", 
}
@misc{git,
title = {{Git}},
author = {Junio Hamano and Linus Torvalds},
 year = {{2007-2021}},
url = {https://git-scm.com/},
  note = "Último acceso Octubre 2021", 
}

@misc{githubdesk,
title = {{GitHub Desktop}},
author = {{GitHub Desktop}},
  year = 2021,
url = {https://desktop.github.com/},
  note = "Último acceso Octubre 2021", 
}
@misc{turbo,
title = {{TurboSquid}},
author = {{TurboSquid}},
  year = 2021,
url = {https://www.turbosquid.com/},
  note = "Último acceso Octubre 2021", 
}
@misc{freepik,
title = {{Freepik}},
author = {{Freepik}},
  year = 2021,
url = {https://www.freepik.es/},
  note = "Último acceso Octubre 2021", 
}
@misc{CGTrader,
title = {{CGTrader}},
author = {{CGTrader}},
  year = 2021,
url = {https://www.cgtrader.com/},
  note = "Último acceso Octubre 2021", 
}

@misc{encuestaDemo,
title = {{Encuesta experiencia jugable}},
author = {Andrea Rodríguez},
year = 2021,
url = {https://docs.google.com/forms/d/e/1FAIpQLScsfhqQPVyKExokLorGE_s1wyomi5zfJK0Fa6J0ey9XOR35Tg/viewform}, 
}

@misc{encuestaVidESP,
title = {{Encuesta enfermedades mentales en videojuegos (ESP)}},
author = {Andrea Rodríguez},
year = 2021,
url = {https://docs.google.com/forms/d/e/1FAIpQLSfoQZGcruSAhPp0GxhNVturg7y0eN43jQsST7tYLiamifBmmA/viewform}, 
}
@misc{encuestaVidING,
title = {{Encuesta enfermedades mentales en videojuegos (ING)}},
  year = 2021,
author = {Andrea Rodríguez},
url = {https://docs.google.com/forms/d/e/1FAIpQLSeH_JfFJx0Oiv1XNx24Q4_GLGzWhgLxjzE0lNdu_xb_xYS6mg/viewform}, 
}


@article{articuloTCA,
  Title                    = {Trastornos de la conducta alimentaria en España: Revisión de estudios epidemiológicos},
  Journal                  = {Scielo},
  Author                   = {María~Angeles {Peláez~Fernández} and Rosa~María {Raich~Escursell} and Francisco~Javier {Labrador~Encinas}},
  Url                      = {http://www.scielo.org.mx/scielo.php?script=sci_arttext&pid=S2007-15232010000100007},
  Year                     = {2010},
}


@article{articuloTCA2,
  Title                    = {Eating disorders in adult women},
  Journal                  = {Harvard Health Publishing},
  Author                   = {{Harvard Mental Health Letter}},
  Url                      = {https://www.health.harvard.edu/newsletter_article/eating-disorders-in-adult-women},
  Year                     = {2012},
}


@article{articuloTCA3,
  Title                    = {Perspectiva de género en TCA},
  Journal                  = {Instituto Tomás Pascual San},
  Author                   = {{Instituto Tomás Pascual Sanz}},
  Url                      = {https://www.institutotomaspascualsanz.com/perspectiva-de-genero-en-tca/},
  Year                     = {2012},
}
@article{articuloTCA4,
  Title                    = {Instagram apologises for promoting weight-loss content to users with eating disorders},
  Journal                  = {The Guardian},
  Author                   = {Alex Hern},
  Url                      = {https://www.theguardian.com/technology/2021/apr/15/instagram-apologises-for-promoting-weight-loss-content-to-users-with-eating-disorders},
  Year                     = {2021},
}

@article{articuloTCA5,
  Title                    = {Eating Disorder Statistics},
  Journal                  = {ANAD},
  Author                   = {ANAD},
  Url                      = {https://anad.org/get-informed/about-eating-disorders/eating-disorders-statistics/},
  Year                     = {2016},
}


@article{articuloTCA6,
  Title                    = {Mortality Rates in Patients With Anorexia Nervosa and Other Eating Disorders},
  Journal                  = {JAMA Network},
  Author                   = {Jon Arcelus and Alex J. Mitchell and Jackie Wales},
  Url                      = {https://jamanetwork.com/journals/jamapsychiatry/fullarticle/1107207},
  Year                     = {2011},
}

@article{articuloTCA7,
  Title                    = {Social and economic cost of eating
disorders in the United States of America},
  Journal                  = {Hardvard T.H.Chan},
  Author                   = {Deloitte},
  Url                      = {https://www.hsph.harvard.edu/striped/report-economic-costs-of-eating-disorders/},
  Year                     = {2020},
}

@misc{tothebone,
title = {{To the Bone}},
author = {{Marti Noxon}},
 year = 2017,
url = {https://es.wikipedia.org/wiki/To_the_Bone_(pel%C3%ADcula)},
  note = "Último acceso Septiembre 2021"
}

@misc{feed,
title = {{Feed}},
author = {{Tommy Bertelsen}},
 year = 2017,
url = {https://en.wikipedia.org/wiki/Feed_(2017_film)},
  note = "Último acceso Septiembre 2021"
}

@article{articuloTAS,
  Title                    = {Gender differences in social anxiety disorder},
  Journal                  = {PubMed},
  Author                   = {Maya Asher and Idan M Aderka},
  Url                      = {https://pubmed.ncbi.nlm.nih.gov/29667715/},
  Year                     = {2018},
}
@article{articuloTAS2,
  Title                    = {Epidemiology of anxiety disorders in the 21st century},
  Journal                  = {NCBI},
  Author                   = {Borwin Bandelow and Sophie Michaelis},
  Url                      = {https://www.ncbi.nlm.nih.gov/pmc/articles/PMC4610617/},
  Year                     = {2015},
}

@article{articuloDEP,
  Title                    = {Depresión},
  Journal                  = {OMS},
  Author                   = {OMS},
  Url                      = {https://www.who.int/es/news-room/fact-sheets/detail/depression
},
  Year                     = {2021},
}

@article{articuloDEP2,
  Title                    = {Prevalence of depression and depressive symptoms among outpatients: a systematic review and meta-analysis},
  Journal                  = {NCBI},
  Author                   = {Jinghui Wang and Xiaohang Wu and Weiyi Lai and Erping Long and Xiayin Zhang and Wangting Li and Yi Zhu and Chuan Chen and Xiaojian Zhong and Zhenzhen Liu and Dongni Wang and Haotian Lin},
  Url                      = {https://www.ncbi.nlm.nih.gov/pmc/articles/PMC5640125/},
  Year                     = {2017},
}
@article{articuloDEP3,
  Title                    = {Understand Anxiety \& Depression: Facts \& Statistics},
  Journal                  = {ADAA},
  Author                   = {ADAA},
  Url                      = {https://adaa.org/understanding-anxiety/facts-statistics},
  Year                     = {2021},
}

@article{articuloDEP4,
  Title                    = {Why Transgender People Experience More Mental Health Issues},
  Journal                  = {Psychologyt Today},
  Author                   = {Katherine Schreiber},
  Url                      = {https://www.psychologytoday.com/us/blog/the-truth-about-exercise-addiction/201612/why-transgender-people-experience-more-mental-health},
  Year                     = {2016},
}

@article{articuloDEP5,
  Title                    = {SUICIDE THOUGHTS AND ATTEMPTS AMONG TRANSGENDER ADULTS},
  Journal                  = {Psychologyt Today},
  Author                   = {Jody L. Herman and Taylor N.T. Brown and Ann P. Haas},
  Url                      = {https://williamsinstitute.law.ucla.edu/wp-content/uploads/Suicidality-Transgender-Sep-2019.pdf},
  Year                     = {2019},
}
@article{articuloDEP6,
  Title                    = {Discriminación de las personas trans en el ámbito laboral},
  year = 2021,
  Journal                  = {Info Transexualidad Canarias},
  Author                   = {Charo Alises},
  Url                      = {https://www.infotransexualidadcanarias.org/index.php/noticias-2/618-discriminacion-de-las-personas-trans-en-el-ambito-laboral},
  
}

@article{articuloDEP7,
  Title                    = {El alto consumo de antidepresivos y tranquilizantes se consolida en España},
  Journal                  = {El Periódico},
  Author                   = {Patricia Martín},
  Url                      = {https://www.elperiodico.com/es/sociedad/20190526/consumo-depresivos-tranquilizantes-somniferos-preocupacion-7464385},
  Year                     = {2019},
}
@article{articuloDEP8,
  Title                    = {Salud mental en datos: prevalencia de los problemas de salud y consumo de psicofármacos y fármacos relacionados a partir de los registros clínicos de atención primaria },
  Journal                  = {BDCAP},
  Author                   = {{Ministerio de Sanidad}},
  Url                      = {https://www.mscbs.gob.es/estadEstudios/estadisticas/estadisticas/estMinisterio/SIAP/Salud_mental_datos.pdf},
  Year                     = {2020},
}


@article{articuloIntro1,
  Title                    = {Introducción a las enfermedades mentales},
  Journal                  = {Manual MSD},
  Author                   = {Michael B. First},
  Url                      = {https://www.msdmanuals.com/es-es/hogar/trastornos-de-la-salud-mental/introducci%C3%B3n-al-cuidado-de-la-salud-mental/introducci%C3%B3n-a-las-enfermedades-mentales},
  Year                     = 2020,
}


@article{articuloIntro2,
  Title                    = {Gota},
  Journal                  = {La Medicina es Así},
  Author                   = {Ignacio {García~de~la~Torre} and Yelitza~C. {González~Bello}},
  Url                      = {https://www.asieslamedicina.org.mx/gota/#:~:text=A%20nivel%20mundial%20la%20prevalencia,por%20cada%201%2C000%20personas%2Da%C3%B1o.},
  Year                     = 2020,
}

@Comment{jabref-meta: databaseType:bibtex;}


@article{articuloIntroVideojuegos,
  Title                    = {Video Game Industry Statistics and Trends and Data In 2021},
  Journal                  = {We PC},
  Author                   = {{We PC}},
  Url                      = {https://www.wepc.com/news/video-game-statistics/},
  Year                     = {2021},
}

@article{articuloIntroVideojuegos2,
  Title                    = {Number of Gamers Worldwide 2021/2022: Demographics, Statistics, and Predictions},
  Journal                  = {FinancesOnline},
  Author                   = {{FinancesOnline}},
  Url                      = {https://financesonline.com/number-of-gamers-worldwide/},
  Year                     = {2021},
}

@article{articuloDesarrolloCient,
  Title                    = {The Benefits of Playing Video Games},
  Journal                  = {American Psychological Association},
  Author                   = {Isabela Granic and Adam Lobel and {Rutger~CME.} Engels},
  Url                      = {https://www.apa.org/pubs/journals/releases/amp-a0034857.pdf},
  Year                     = {2014},
}

@article{datosINEsuicidio,
  Title                    = {Estadística de defunciones según la causa de muerte (Avance enero-mayo 2020)},
  Journal                  = {Instituto Nacional de Estadística},
  Author                   = {{Instituto Nacional de Estadística}},
  Url                      = {https://www.ine.es/jaxi/Tabla.htm?tpx=45874&L=0},
  Year                     = {2020},
}

@article{datosEnfJovenes,
  Title                    = {La pandemia dispara el número de jóvenes con problemas mentales en urgencias},
  Journal                  = {Heraldo},
  Author                   = {Alfonso Torices},
  Url                      = {https://www.heraldo.es/noticias/salud/2021/05/07/la-pandemia-dispara-el-numero-de-jovenes-con-problemas-mentales-en-urgencias-1490283.html},
  Year                     = {2021},
}



@misc{music,
title = {{The World}},
  year = 2021,
author = {Esther Garcia},
url = {https://prosearch.tribeofnoise.com/artists/show/35568/21021 },
  note = "Último acceso Junio 2021"
}


@misc{efectoagua,
title = {{Water Pouring}},
author = {{InspectorJ}},
year = 2018,
url = {https://freesound.org/people/InspectorJ/sounds/421184/},
  note = "Último acceso Octubre 2021"
}

@misc{efectocomer,
title = {{Eating}},
author = {{Kearancz}},
year = 2020,
url = {https://freesound.org/people/kearancz/sounds/529875/},
  note = "Último acceso Octubre 2021"
}


@misc{audacity,
title = {{Audacity}},
author = {Dominic Mazzoni and Roger Dannenberg},
year = {{1999-2021}},
url = {https://audacity.es/},
  note = "Último acceso Octubre 2021"
}

@misc{repositorioInsania,
	title = {{Insania}},
	author = {Andrea Rodríguez},
	year = 2021,
	url = {https://github.com/AndreoPSullivan/TFG-Videojuegos},
	note = "Último acceso Octubre 2021"
}
